@book{jensen,
    language     = {russian},
    author       = {Jensen, F. A. and Kuperman, W. and  Porter, M. and Schmidt, H.},
    title        = {Computational Ocean Acoustics},
    publisher    = {Springer},
    year         = {2011},
    address      = {New York},
    edition      = {2},
    doi          = {10.1007/978-1-4419-8678-8},
    url          = {https://link.springer.com/book/10.1007%2F978-1-4419-8678-8},
    urldate      = {2021-06-05},

}
@InProceedings{dd,
    language     = {russian},
    author       = {Tyshchenko, A. G. and Petrov, P. S. and Ehrhardt, M.},
    title        = {Wide-angle mode parabolic equation with transparent boundary conditions and its applications in shallow water acoustics},
    year         = {2019},
    pages        = {221},
    booktitle    = {DAYS on DEFFRACTION},
    doi          = {10.1109/DD46733.2019.9016598},
    url          = {https://ieeexplore.ieee.org/document/9016598},
    urldate      = {2021-06-05},
}
@online{bellhop,
    language     = {russian},
    title        = {The BELLHOP Manual and User’s Guide},
    url          = {https://esme.bu.edu/data/papers/HLS-2010-1.pdf},
    urldate      = {2021-06-05},
    media        = {eresource}
}
@InProceedings{traceo,
    language     = {russian},
    author       = {Calazan, Rog{\'e}rio M. and Rodr{\'i}guez, Orlando C.},
    title        = {TRACEO3D Ray Tracing Model for Underwater Noise Predictions},
    booktitle    = {Technological Innovation for Smart Systems},
    year         = {2017},
    publisher    = {Springer International Publishing},
    pages        = {183--190},
    doi          = {10.1007/978-3-319-56077-9_17},
    isbn         = {978-3-319-56077-9},
    url          = {https://link.springer.com/chapter/10.1007%2F978-3-319-56077-9_17},
    urldate      = {2021-06-05}
}
@article{navigation19,
    language     = {russian},
    author       = {Моргунов, Ю. Н. and Каменев, С. И. and Безответных, В. В. and Петров, П. С.},
    title        = {Исследование возможности позиционирования автономных подводных аппаратов при выполнении ими глубоководных миссий},
    journal      = {Подводные исследования и робототехника},
    year         = {2019},
    doi          = {10.25808/24094609.2019.27.1.006},
    url          = {http://jmtp.febras.ru/journal/1-27-2019/48-54.pdf},
    urldate      = {2021-06-05}
}
@article{navigation20,
    language     = {russian},
    author       = {Петров, П. С. and Голов, А. А. and Безответных, В. В. and Буренин, А. В. and Козицкий, С. Б. and Сорокин, М. А. and Моргунов, Ю. Н.},
    title        = {Эксперементальное и теоретическое исследование времен прихода и эффективных скоростей при дальнем распространении импульсных акустических сигналов вдоль кромки шельфа в мелком море},
    journal      = {Акустический журнал},
    volume       = {66},
    number       = {1},
    pages        = {20--33},
    year         = {2020},
    doi          = {10.31857/S0320791920010086},
    url          = {https://www.elibrary.ru/item.asp?doi=10.31857/S0320791920010086},
    urldate      = {2021-06-05}
}
@article{noise1,
    language     = {russian},
    author       = {Erbe, Christine and Marley, Sarah A. and Schoeman, Renée P. and Smith, Joshua N. and Trigg, Leah E. and Embling, Clare Beth},
    title        = {The Effects of Ship Noise on Marine Mammals—A Review},
    journal      = {Frontiers in Marine Science},
    volume       = {6},
    pages        = {606},
    year         = {2019},
    doi          = {10.3389/fmars.2019.00606},
    issn         = {2296-7745},
    url          = {https://www.frontiersin.org/articles/10.3389/fmars.2019.00606/full},
    urldate      = {2021-06-05}
}
@article{noise2,
    language     = {russian},
    author       = {Williams, R. and Wright, A. J. and Ashe, E. and Blight, L. K. and Bruintjes, R. and Canessa, R. and Clark, C.W. and Cullis-Suzuki, S. and Dakin, D. T. and Erbe, C. and Hammond, P. S. and Merchant, N. D. and O'Hara, P. D. and Purser, J. and Radford, A. N. and Simpson, S. D. and Thomas, L. and Wale, M. A.},
    title        = {Impacts of anthropogenic noise on marine life: Publication patterns, new discoveries, and future directions in research and management},
    journal      = {Ocean \& Coastal Management},
    volume       = {115},
    pages        = {17 - 24},
    year         = {2015},    
    doi          = {10.1016/j.ocecoaman.2015.05.021},
    issn         = {0964-5691},
    url          = {https://www.sciencedirect.com/science/article/pii/S096456911500160X?via%3Dihub},
    urldate      = {2021-06-05}
}
@article{collins,
    language     = {russian},
    author       = {Collins, Michael D.},
    title        = {A split-step Padé solution for the parabolic equation method},
    journal      = {The Journal of the Acoustical Society of America},
    volume       = {93},
    number       = {4},
    pages        = {1736-1742},
    year         = {1993},
    doi          = {10.1121/1.406739},
    url          = {https://asa.scitation.org/doi/10.1121/1.406739},
    urldate      = {2021-06-05}
}
@inbook{burridge,
    language     = {russian},
    author       = {Burridge, Robert and Weinberg, Henry},
    year         = {1977},
    pages        = {86-152},
    title        = {Horizontal rays and vertical modes},
    booktitle    = {Wave Propagation and Underwater Acoustics},
    doi          = {10.1007/3-540-08527-0_3},
    url          = {https://link.springer.com/chapter/10.1007%2F3-540-08527-0_3},
    urldate      = {2021-06-05}
}
@online{cambala,
    language     = {russian},
    author       = {Petrov, P. S. and Zaikin, O. and Tyshchenko, A. G.},
    title        = {Cambala},
    url          = {https://github.com/Nauchnik/CAMBALA},
    urldate      = {2021-06-05},
    media        = {eresource}
}
@online{whoi,
    language     = {russian},
    title        = {Woods Hole Oceanographic Institution},
    url          = {https://www.whoi.edu/},
    urldate      = {2021-06-05},
    media        = {eresource}
}
@online{lyon,
    language     = {russian},
    title        = {{\'E}cole Centrale de Lyon},
    url          = {https://www.ec-lyon.fr/},
    urldate      = {2021-06-05},
    media        = {eresource}
}
@article{isakson14,
    language     = {russian},
    author       = {Isakson, M. J. and Goldsberry, B. and Chotiros, N. P.},
    title        = {A three-dimensional longitudinally-invariant finite element model for acoustic propagation in shallow water waveguides},
    journal      = {The Journal of the Acoustical Society of America},
    volume       = {136},
    number       = {3},
    pages        = {EL206},
    year         = {2014},
    doi          = {10.1121/1.4890195},
    url          = {https://asa.scitation.org/doi/10.1121/1.4890195},
    urldate      = {2021-06-05}
}
@article{lin12,
    language     = {russian},
    author       = {Lin, Ying-Tsong and Collis, J. M. and Duda, T. F.},
    title        = {A three-dimensional parabolic equation model of sound propagation using higher-order operator splitting and Padé approximants},
    journal      = {The Journal of the Acoustical Society of America},
    volume       = {125},
    number       = {5},
    pages        = {EL364},
    year         = {2012},
    doi          = {10.1121/1.4754421},
    url          = {https://asa.scitation.org/doi/10.1121/1.4754421},
    urldate      = {2021-06-05}
}
@article{shtrum16,
    language     = {russian},
    author       = {Sturm, F.},
    title        = {Leading-order cross term correction of three-dimensional parabolic equation models},
    journal      = {The Journal of the Acoustical Society of America},
    volume       = {139},
    number       = {1},
    pages        = {263-270},
    year         = {2016},
    doi          = {10.1121/1.4939735},
    url          = {https://asa.scitation.org/doi/10.1121/1.4939735},
    urldate      = {2021-06-05}
}
@article{crank,
    language     = {russian},
    author       = {Crank, J. and Nicolson, P.},
    title        = {A practical method for numerical evaluation of solutions of partial differential equations of the heat-conduction type},
    journal      = {P. Adv Comput Math},
    volume       = {6},
    number       = {1},
    pages        = {207-226},
    year         = {1996},
    doi          = {10.1007/BF02127704},
    url          = {https://link.springer.com/article/10.1007%2FBF02127704},
    urldate      = {2021-06-05}
}
@book{dense,
    language     = {russian},
    author       = {Ernst Hairer and Syvert P. Nørsett and Gerhard Wanner},
    title        = {Solving Ordinary Differential Equations I},
    publisher    = {Springer},
    year         = {1993},
    series       = {Springer Series in Computational Mathematics},
    volume       = {8},
    edition      = {2},
    isbn         = {978-3-540-78862-1},
    doi          = {10.1007/978-3-540-78862-1},
    url          = {https://link.springer.com/book/10.1007%2F978-3-540-78862-1},
    urldate      = {2021-06-05}    
}
@book{zorich,
    language     = {russian},
    author       = {Зорич, В.А.},
    title        = {Математический анализ},
    publisher    = {МЦНМО},
    year         = {2019},
    volume       = {3},
    edition      = {9},
    isbn         = {978-5-4439-1303-2},
    url          = {https://link.springer.com/book/10.1007%2F978-3-540-78862-1},
}
@book{numerical_recipes,
    language     = {russian},
    author       = {Press, William H. and Teukolsky, Saul A. and Vetterling, William T. and Flannery, Brian P.},
    title        = {Numerical Recipes: The Art of Scientific Computing},
    publisher    = {Cambridge University Press},
    year         = {2007},
    edition      = {3},
    isbn         = {978-0-5218-8068-8}
}
@online{heavyside,
    language     = {russian},
    title        = {Heavyside “Cover-up” Method for Partial Fractions},
    url          = {http://www.math-cs.gordon.edu/courses/ma225/handouts/heavyside.pdf},
    urldate      = {2021-06-05},
    media        = {eresource}
}
@article{berenger,
    language     = {russian},
    title        = {A perfectly matched layer for the absorption of electromagnetic waves},
    journal      = {Journal of Computational Physics},
    volume       = {114},
    number       = {2},
    pages        = {185-200},
    year         = {1994},
    issn         = {0021-9991},
    doi          = {10.1006/jcph.1994.1159},
    author       = {Berenger, Jean-Pierre},
    url          = {https://www.sciencedirect.com/science/article/pii/S0021999184711594?via%3Dihub},
    urldate      = {2021-06-05}
}
@article{levy,
    language     = {russian},
    issn         = {13645021},
    author       = {Levy, Mireille F.},
    journal      = {Proceedings: Mathematical, Physical and Engineering Sciences},
    number       = {2015},
    pages        = {2609--2624},
    publisher    = {The Royal Society},
    title        = {Perfectly Matched Layer Truncation for Parabolic Wave Equation Models},
    volume       = {457},
    year         = {2001},
    issn         = {13645021},
    url          = {http://www.jstor.org/stable/3067448},
    urldate      = {2021-06-05}
}
@article{lu,
    language     = {russian},
    author       = {Lu, Ya Yan and Zhu, Jianxin},
    title        = {Perfectly matched layer for acoustic waveguide modeling --- benchmark calculations and perturbation analysis},
    journal      = {Computer Modeling in Engineering \& Sciences},
    volume       = {22},
    year         = {2007},
    number       = {3},
    pages        = {235--248},
    issn         = {1526-1506},
    doi          = {10.3970/cmes.2007.022.235},
    url          = {https://www.techscience.com/CMES/v22n3/25060},
    urldate      = {2021-06-05}
}
@article{chui,
    language     = {russian},
    author       = {Chui, Siu Lit and Lu, Ya Yan},
    journal      = {IEEE Photonics Technology Letters}, 
    title        = {A propagator-/spl theta/ beam propagation method}, 
    year         = {2004},
    volume       = {16},
    number       = {3},
    pages        = {822-824},
    doi          = {10.1109/LPT.2004.823764},
    url          = {https://ieeexplore.ieee.org/document/1269807},
    urldate      = {2021-06-05}
}
@article{xavier,
    language     = {russian},
    author       = {Antoine, Xavier and Huang, Yuexia and Lu, Ya Yan},
    title        = {Computing High-Frequency Scattered Fields by Beam Propagation Methods: A Prospective Study},
    journal      = {Journal of Algorithms \& Computational Technology},
    volume       = {4},
    number       = {2},
    pages        = {147-166},
    year         = {2010},
    doi          = {10.1260/1748-3018.4.2.147},
    url          = {https://journals.sagepub.com/doi/10.1260/1748-3018.4.2.147},
    urldate      = {2021-06-05}
}
@online{c++,
    language     = {russian},
    title        = {C++ Standard},
    url          = {https://isocpp.org/},
    urldate      = {2021-06-05},
    media        = {eresource}
}
@article{abramov,
    language     = {russian},
    author       = {Абрамов, А. А. and Андреев, В. Б.},
    title        = {О применении метода прогонки к нахождению периодических решенений дифференциальных и разностных уравнений},
    journal      = {Журнал вычислительной математики и математической физики},
    volume       = {3},
    number       = {2},
    pages        = {377-381},
    year         = {1963},
    doi          = {10.1016/0041-5553(63)90034-X},
    url          = {https://www.sciencedirect.com/science/article/abs/pii/004155536390034X?via%3Dihub},
    urldate      = {2021-06-05}
}
@mastersthesis{bachelor,
    language     = {russian},
    author       = {Тыщенко, А. Г.},
    title        = {Решение широкоугольного параболического уравнения с условиями прозрачной границы при моделировании распространения звука в трёхмерных волноводах мелкого моря},
    school       = {Дальневосточный Федеральный Университет},
    year         = {2019},
    type         = {Выпускная квалификационная работа}
}
@online{boost,
    language     = {russian},
    title        = {Boost},
    url          = {https://www.boost.org/},
    urldate      = {2021-06-05},
    media        = {eresource}
}
@online{nlohmann,
    language     = {russian},
    title        = {nlohmann/json},
    url          = {https://github.com/nlohmann/json},
    urldate      = {2021-06-05},
    media        = {eresource}
}
@online{fftw3,
    language     = {russian},
    title        = {FFTW},
    url          = {http://www.fftw.org/},
    urldate      = {2021-06-05},
    media        = {eresource}
}
@online{json,
    language     = {russian},
    title        = {JSON},
    url          = {http://www.json.org/json-ru.html},
    urldate      = {2021-06-05},
    media        = {eresource}
}
@online{dork,
    language     = {russian},
    author       = {Тыщенко, А. Г.},
    title        = {DORK},
    url          = {https://github.com/GoldFeniks/DORK},
    urldate      = {2021-06-05},
    media        = {eresource}
}
@online{delaunay,
    language     = {russian},
    author       = {Тыщенко, А. Г.},
    title        = {delaunay},
    url          = {https://github.com/GoldFeniks/delaunay},
    urldate      = {2021-06-05},
    media        = {eresource}
}
@online{zip,
    language     = {russian},
    author       = {Тыщенко, А. Г.},
    title        = {zip},
    url          = {https://github.com/GoldFeniks/zip},
    urldate      = {2021-06-05},
    media        = {eresource}
}
@online{shull,
    language     = {russian},
    author       = {Sinclair, David},
    title        = {S-hull},
    url          = {http://www.s-hull.org/},
    urldate      = {2021-06-05},
    media        = {eresource}
}
@article{fftw05,
    language     = {russian},
    author       = {Frigo, Matteo and Johnson, Steven~G.},
    title        = {The Design and Implementation of {FFTW3}},
    journal      = {Proceedings of the {IEEE}},
    year         = {2005},
    volume       = {93},
    number       = {2},
    pages        = {216--231},
    doi          = {10.1109/JPROC.2004.840301},
    url          = {https://ieeexplore.ieee.org/document/1386650},
    urldate      = {2021-06-05}
}
@article{interpolation,
    language     = {russian},
    author       = {Meijering, E.},
    title        = {A Chronology of Interpolation: From Ancient Astronomy to Modern Signal and Image Processing},
    journal      = {Proceedings of the {IEEE}},
    volume       = {90},
    number       = {3},
    pages        = {319-342},
    year         = {2002},
    publisher    = {IEEE},
    doi          = {10.1109/5.993400},
    url          = {https://ieeexplore.ieee.org/document/993400},
    urldate      = {2021-06-05}
}
@unpublished{delaunay_interpolation,
    language     = {russian},
    author       = {Yehong, Liu and Guosheng, Yin},
    title        = {Nonparametric Functional Approximation with Delaunay Triangulation},
    url          = {https://arxiv.org/pdf/1906.00350.pdf},
    urldate      = {2021-06-05},
    media        = {eresource}
}
@online{eigenweb,
    language     = {russian},
    author       = {Ga\"{e}l Guennebaud and Beno\^{i}t Jacob and others},
    title        = {Eigen v3},
    url          = {http://eigen.tuxfamily.org},
    year         = {2010},
    urldate      = {2021-06-05},
    media        = {eresource}
}
@incollection{davis,
    language     = {russian},
    title        = {Chapter 2 - Approximate Integration over a Finite Interval},
    editor       = {Philip J. Davis and Philip Rabinowitz},
    booktitle    = {Methods of Numerical Integration (Second Edition)},
    publisher    = {Academic Press},
    edition      = {2},
    pages        = {51-198},
    year         = {1984},
    isbn         = {978-0-12-206360-2},
    doi          = {10.1016/B978-0-12-206360-2.50008-X},
    author       = {Philip J. Davis and Philip Rabinowitz},
    url          = {https://www.sciencedirect.com/science/article/pii/B978012206360250008X?via%3Dihub},
    urldate      = {2021-06-05}     
}
@online{optional,
    language     = {russian},
    title        = {Optional},
    url          = {https://en.cppreference.com/w/cpp/utility/optional},
    urldate      = {2021-06-05},
    media        = {eresource}
}
@article{ieee_double,
    language     = {russian},
    journal      = {ANSI/IEEE Std 754-1985}, 
    title        = {IEEE Standard for Binary Floating-Point Arithmetic}, 
    year         = {1985},
    pages        = {1-20},
    doi          = {10.1109/IEEESTD.1985.82928},
    url          = {https://ieeexplore.ieee.org/document/30711},
    urldate      = {2021-06-05}
}
@book{richardson,
    language     = {russian},
    author       = {Марчук, Г. И.},
    title        = {Методы вычислительной математики},
    publisher    = {Издательство "Лань"},
    year         = {2021},
    edition      = {4},
    url          = {https://e.lanbook.com/book/167761},
    urldate      = {2021-06-05}
}
@online{hankel,
    language     = {russian},
    title        = {Hankel Function of the First Kind},
    url          = {http://mathworld.wolfram.com/HankelFunctionoftheFirstKind.html},
    urldate      = {2021-06-05},
    media        = {eresource}
}
@article{deane,
    language     = {russian},
    author       = {Deane, G. B. and Buckingham, M. J.},
    title        = {An analysis of the three-dimensional sound field in a penetrable wedge with a stratified fluid or elastic basement},
    journal      = {The Journal of the Acoustical Society of America},
    volume       = {93},
    number       = {3},
    pages        = {1319-1328},
    year         = {1993},
    doi          = {10.1121/1.405417},
    url          = {https://asa.scitation.org/doi/10.1121/1.405417},
    urldate      = {2021-06-05}
}
@article{tang,
    language     = {russian},
    author       = {Tang, Jun and Petrov, Pavel and Piao, Shengchun and Kozitskiy, Sergey},
    year         = {2018},
    month        = {03},
    pages        = {225-236},
    title        = {On the Method of Source Images for the Wedge Problem Solution in Ocean Acoustics: Some Corrections and Appendices},
    volume       = {64},
    journal      = {Acoustical Physics},
    doi          = {10.1134/S1063771018020070},
    url          = {https://www.researchgate.net/publication/324475201_On_the_Method_of_Source_Images_for_the_Wedge_Problem_Solution_in_Ocean_Acoustics_Some_Corrections_and_Appendices},
    urldate      = {2021-06-05}
}
@unpublished{acoustic_journal,
    language     = {russian},
    author       = {Тыщенко, А. Г. and Заикин, О. С. and Сорокин, М. А. and Петров, П. С.},
    year         = {2021},
    title        = {Комплекс программ для расчета акустических полей в мелком море на основе метода широкоугольных модовых параболических уравнений},
    note         = {принято к печати в Акустический журнал, выйдет в конце 2021 г.}
}
@article{jsv,
    language     = {russian},
    author       = {Pavel S. Petrov and Matthias Ehrhardt and Andrey G. Tyshchenko and Petr N. Petrov},
    year         = {2020},
    pages        = {115526},
    title        = {Wide-angle mode parabolic equations for the modelling of horizontal refraction in underwater acoustics and their numerical solution on unbounded domains},
    volume       = {484},
    journal      = {Journal of Sound and Vibratio},
    issn         = {0022-460X},
    doi          = {10.1016/j.jsv.2020.115526},
    url          = {https://www.sciencedirect.com/science/article/abs/pii/S0022460X20303588},
    urldate      = {2021-06-05}
}
